<?xml version="1.0" encoding="UTF-8"?><collection xmlns="http://www.loc.gov/MARC21/slim"><record><leader>00311nam--2200121-i-4500</leader><controlfield tag="001">000001030</controlfield><controlfield tag="002">20161230</controlfield><controlfield tag="005">20161230201024</controlfield><controlfield tag="008">060222s1000------------r-----000-0-eng-d</controlfield><datafield ind1=" " ind2=" " tag="080"><subfield code="a">546.23:61(047.3)</subfield></datafield><datafield ind1=" " ind2=" " tag="100"><subfield code="a">Hellsten, Eva,. Vokal,Borek Helena Selen</subfield></datafield><datafield ind1=" " ind2=" " tag="260"><subfield code="a">Stockholm, University, 1982. 66 P</subfield></datafield><datafield ind1=" " ind2=" " tag="852"><subfield code="a">60208</subfield></datafield></record></collection>